@misc{iso27001,
  title = {ISO/IEC 27001:2013},
  url = {https://www.iso.org/standard/54534.html},
  note = {Acesso em: 19 jul. 2024}
}

@misc{nist80053,
  title = {NIST SP 800-53},
  url = {https://nvlpubs.nist.gov/nistpubs/SpecialPublications/NIST.SP.800-53r5.pdf},
  note = {Acesso em: 19 jul. 2024}
}

@misc{pcidss,
  title = {PCI DSS},
  url = {https://www.pcisecuritystandards.org/pci_security/},
  note = {Acesso em: 19 jul. 2024}
}

@misc{politica-seguranca-salvador,
  title = {Política de Segurança da Informação da Prefeitura Municipal de Salvador},
  url = {https://leismunicipais.com.br/a/ba/s/salvador/decreto/2024/3811/38116/decreto-n-38116-2024-institui-a-politica-municipal-de-seguranca-da-informacao-no-municipio-de-salvador},
  note = {Acesso em: 19 jul. 2024}
}
